@article{gleyzes2007quantum,
  title={Quantum jumps of light recording the birth and death of a photon in a cavity},
  author={Gleyzes, Sebastien and Kuhr, Stefan and Guerlin, Christine and Bernu, Julien and Deleglise, Samuel and Hoff, Ulrich Busk and Brune, Michel and Raimond, Jean-Michel and Haroche, Serge},
  journal={Nature},
  volume={446},
  number={7133},
  pages={297--300},
  year={2007},
  publisher={Nature Publishing Group}
}

@article{jaynes1963comparison,
  title={Comparison of quantum and semiclassical radiation theories with application to the beam maser},
  author={Jaynes, Edwin T and Cummings, Frederick W},
  journal={Proceedings of the IEEE},
  volume={51},
  number={1},
  pages={89--109},
  year={1963},
  publisher={IEEE}
}

@book{gerry2005introductory,
  title={Introductory quantum optics},
  author={Gerry, Christopher and Knight, Peter},
  year={2005},
  publisher={Cambridge university press}
}

@online{shbio,
  author= {Serge Haroche},
  title= {Biographical},
  year={2012},
  url={http://www.nobelprize.org/nobel_prizes/physics/laureates/2012/haroche-bio.html},
  urldate = {2016-07-21}
}

@article{haroche1973hyperfine,
  title={Hyperfine quantum beats observed in Cs vapor under pulsed dye laser excitation},
  author={Haroche, S and Paisner, JA and Schawlow, AL},
  journal={Physical Review Letters},
  volume={30},
  number={20},
  pages={948},
  year={1973},
  publisher={APS}
}

@article{haroche1999SinglePhoton,
  title={Seeing a single photon without destroying it},
  author={Nogues, G and Rauschenbeutel, A and Osnaghi, S and Brune, M and Raimond, JM and Haroche, S},
  journal={Nature},
  volume={400},
  number={6741},
  pages={239--242},
  year={1999},
  publisher={Nature Publishing Group}
}

@article{haroche2007QuantumJumps,
  title={Quantum jumps of light recording the birth and death of a photon in a cavity},
  author={Gleyzes, Sebastien and Kuhr, Stefan and Guerlin, Christine and Bernu, Julien and Deleglise, Samuel and Hoff, Ulrich Busk and Brune, Michel and Raimond, Jean-Michel and Haroche, Serge},
  journal={Nature},
  volume={446},
  number={7133},
  pages={297--300},
  year={2007},
  publisher={Nature Publishing Group}
}

@article{haroche1983EnhancedSpontEm,
  title={Observation of cavity-enhanced single-atom spontaneous emission},
  author={Goy, Ph and Raimond, JM and Gross, M and Haroche, S},
  journal={Physical review letters},
  volume={50},
  number={24},
  pages={1903},
  year={1983},
  publisher={APS}
}

@article{haroche1990QND,
  title={Quantum nondemolition measurement of small photon numbers by Rydberg-atom phase-sensitive detection},
  author={Brune, M and Haroche, S and Lefevre, V and Raimond, JM and Zagury, N},
  journal={Physical review letters},
  volume={65},
  number={8},
  pages={976},
  year={1990},
  publisher={APS}
}

@article{haroche1987SupressedEmission,
  title={Suppression of spontaneous decay at optical frequencies: Test of vacuum-field anisotropy in confined space},
  author={Jhe, W and Anderson, A and Hinds, EA and Meschede, D and Moi, L and Haroche, S},
  journal={Physical review letters},
  volume={58},
  number={7},
  pages={666},
  year={1987},
  publisher={APS}
}

@online{harocheCollege,
  author={Serge Haroche},
  title={Biographie},
  url={https://www.college-de-france.fr/site/serge-haroche/},
  urldate={2016-07-24}
}

@book{scully1997QuantumBeats,
  title={Quantum optics},
  author={Scully, Marlan O and Zubairy, M Suhail},
  year={1997},
  publisher={Cambridge university press},
  pages={16--19}
}

@article{kuhr2006ultrahigh,
  title={Ultrahigh finesse Fabry-P{\'e}rot superconducting resonator},
  author={Kuhr, Stefan and Gleyzes, S{\'e}bastien and Guerlin, Christine and Bernu, Julien and Hoff, Ulrich Busk and Del{\'e}glise, Samuel and Osnaghi, Stefano and Brune, Michel and Raimond, Jean-Michel and Haroche, Serge and others},
  journal={arXiv preprint quant-ph/0612138},
  year={2006}
}

@article{rauschenbeutel2000step,
  title={Step-by-step engineered multiparticle entanglement},
  author={Rauschenbeutel, Arno and Nogues, Gilles and Osnaghi, Stefano and Bertet, Patrice and Brune, Michel and Raimond, Jean-Michel and Haroche, Serge},
  journal={Science},
  volume={288},
  number={5473},
  pages={2024--2028},
  year={2000},
  publisher={American Association for the Advancement of Science}
}

@article{guerlin2007progressive,
  title={Progressive field-state collapse and quantum non-demolition photon counting},
  author={Guerlin, Christine and Bernu, Julien and Deleglise, Samuel and Sayrin, Clement and Gleyzes, Sebastien and Kuhr, Stefan and Brune, Michel and Raimond, Jean-Michel and Haroche, Serge},
  journal={Nature},
  volume={448},
  number={7156},
  pages={889--893},
  year={2007},
  publisher={Nature Publishing Group}
}

@article{brune1992manipulation,
  title={Manipulation of photons in a cavity by dispersive atom-field coupling: Quantum-nondemolition measurements and generation of ‘‘Schr{\"o}dinger cat’’states},
  author={Brune, M and Haroche, S and Raimond, JM and Davidovich, L and Zagury, N},
  journal={Physical Review A},
  volume={45},
  number={7},
  pages={5193},
  year={1992},
  publisher={APS}
}

@online{dwbio,
  author= {David Wineland},
  title= {Biographical},
  year={2012},
  url={http://www.nobelprize.org/nobel_prizes/physics/laureates/2012/wineland-bio.html},
  urldate = {2016-07-21}
}
